<record><leader>00000cas a2200000 a 4500</leader><controlfield tag="001">18311016</controlfield><controlfield tag="008">880804d18131830mduwr ne      0    0eng c</controlfield><datafield ind1=" " ind2=" " tag="010"><subfield code="a">sn 88065022 </subfield></datafield><datafield ind1=" " ind2=" " tag="040"><subfield code="a">MFN</subfield><subfield code="b">eng</subfield><subfield code="c">MFN</subfield><subfield code="d">CNK</subfield><subfield code="d">NYS</subfield><subfield code="d">DLC</subfield><subfield code="d">OCLCQ</subfield><subfield code="d">OCLCF</subfield><subfield code="d">OCL</subfield></datafield><datafield ind1=" " ind2=" " tag="042"><subfield code="a">pcc</subfield></datafield><datafield ind1=" " ind2=" " tag="043"><subfield code="a">n-us-md</subfield></datafield><datafield ind1="0" ind2="0" tag="050"><subfield code="a">Newspaper</subfield></datafield><datafield ind1=" " ind2="4" tag="050"><subfield code="a">HG201</subfield><subfield code="b">.B3</subfield></datafield><datafield ind1="0" ind2=" " tag="130"><subfield code="a">Baltimore price current (Baltimore, Md. : 1813)</subfield></datafield><datafield ind1="1" ind2="0" tag="245"><subfield code="a">Baltimore price current.</subfield></datafield><datafield ind1=" " ind2=" " tag="260"><subfield code="a">[Baltimore, Md.] :</subfield><subfield code="b">Joseph Escavaille</subfield></datafield><datafield ind1=" " ind2=" " tag="300"><subfield code="a">v.</subfield></datafield><datafield ind1=" " ind2=" " tag="310"><subfield code="a">Weekly</subfield></datafield><datafield ind1=" " ind2=" " tag="321"><subfield code="a">Fortnightly,</subfield><subfield code="b">&lt;July 24, 1813-&gt;</subfield></datafield><datafield ind1=" " ind2=" " tag="321"><subfield code="a">Weekly,</subfield><subfield code="b">&lt;June 26-July 10, 1813&gt;</subfield></datafield><datafield ind1="0" ind2=" " tag="362"><subfield code="a">No. 531 (June 26, 1813)-no. 1392 (Dec. 25, 1830).</subfield></datafield><datafield ind1=" " ind2=" " tag="500"><subfield code="a">Printed by: Joseph Robinson, 96 Market St. &lt;June 26, 1813-&gt;</subfield></datafield><datafield ind1=" " ind2=" " tag="500"><subfield code="a">Published at: Merchants Coffee-House, 36 South St. &lt;June 26, 1813-&gt;</subfield></datafield><datafield ind1="4" ind2=" " tag="510"><subfield code="a">Brigham, C.S. Amer. newspapers</subfield><subfield code="c">p. 247</subfield></datafield><datafield ind1="4" ind2=" " tag="510"><subfield code="a">Gregory, Winifred. American Newspapers 1821-1936</subfield><subfield code="c">p. 260</subfield></datafield><datafield ind1=" " ind2=" " tag="530"><subfield code="a">Available on microfilm from Readex (Early American Newspapers).</subfield></datafield><datafield ind1=" " ind2="0" tag="651"><subfield code="a">Baltimore (Md.)</subfield><subfield code="v">Newspapers.</subfield></datafield><datafield ind1=" " ind2="0" tag="651"><subfield code="a">Maryland</subfield><subfield code="x">Politics and government</subfield><subfield code="y">1775-1865</subfield><subfield code="v">Sources.</subfield></datafield><datafield ind1=" " ind2="0" tag="651"><subfield code="a">United States</subfield><subfield code="x">Economic conditions</subfield><subfield code="y">To 1865</subfield><subfield code="v">Sources.</subfield></datafield><datafield ind1=" " ind2="7" tag="650"><subfield code="a">Economic history.</subfield><subfield code="2">fast</subfield><subfield code="0">(OCoLC)fst00901974</subfield></datafield><datafield ind1=" " ind2="7" tag="650"><subfield code="a">Politics and government</subfield><subfield code="2">fast</subfield><subfield code="0">(OCoLC)fst01919741</subfield></datafield><datafield ind1=" " ind2="7" tag="651"><subfield code="a">Maryland.</subfield><subfield code="2">fast</subfield><subfield code="0">(OCoLC)fst01204739</subfield></datafield><datafield ind1=" " ind2="7" tag="651"><subfield code="a">Maryland</subfield><subfield code="z">Baltimore.</subfield><subfield code="2">fast</subfield><subfield code="0">(OCoLC)fst01204292</subfield></datafield><datafield ind1=" " ind2="7" tag="651"><subfield code="a">United States.</subfield><subfield code="2">fast</subfield><subfield code="0">(OCoLC)fst01204155</subfield></datafield><datafield ind1=" " ind2="7" tag="648"><subfield code="a">To 1865</subfield><subfield code="2">fast</subfield></datafield><datafield ind1=" " ind2="7" tag="655"><subfield code="a">Newspapers.</subfield><subfield code="2">fast</subfield><subfield code="0">(OCoLC)fst01423814</subfield></datafield><datafield ind1=" " ind2="7" tag="655"><subfield code="a">Sources.</subfield><subfield code="2">fast</subfield><subfield code="0">(OCoLC)fst01423900</subfield></datafield><datafield ind1=" " ind2=" " tag="752"><subfield code="a">United States</subfield><subfield code="b">Maryland</subfield><subfield code="d">Baltimore.</subfield></datafield><datafield ind1="1" ind2=" " tag="776"><subfield code="c">Microfilm</subfield><subfield code="d">Readex</subfield><subfield code="k">Early American Newspapers</subfield><subfield code="w">(OCoLC)49616596</subfield></datafield><datafield ind1="0" ind2="0" tag="780"><subfield code="t">Baltimore weekly price current</subfield><subfield code="w">(DLC)sn 88065021</subfield><subfield code="w">(OCoLC)18311004</subfield></datafield><datafield ind1="1" ind2=" " tag="029"><subfield code="a">AU@</subfield><subfield code="b">000020524286</subfield></datafield></record>